@ARTICLE{Gewaltig:NEST,
  author = {Marc-Oliver Gewaltig and Markus Diesmann},
  title = {{NEST} ({NE}ural {S}imulation {T}ool)},
  journal = {Scholarpedia},
  year = {2007},
  volume = {2},
  pages = {1430},
  number = {4}
}

@ARTICLE{Eppler:PyNEST,
  AUTHOR={Jochen M. Eppler and Moritz Helias and Eilif Muller and Markus Diesmann and Marc-Oliver Gewaltig},
  TITLE={{P}y{NEST}: a convenient interface to the {NEST} simulator},      
  JOURNAL={Frontiers in Neuroinformatics},      
  VOLUME={2},      
  YEAR={2009},      
  NUMBER={12},     
  URL={http://www.frontiersin.org/neuroinformatics/10.3389/neuro.11.012.2008/abstract},       
  DOI={10.3389/neuro.11.012.2008},      
  ISSN={1662-5196}
}

@incollection{gewaltig2012nest,
year={2012},
isbn={978-94-007-3857-7},
booktitle={Computational Systems Neurobiology},
editor={Le Nov{\`e}re, N.},
doi={10.1007/978-94-007-3858-4_18},
title={{NEST} by Example: An Introduction to the Neural Simulation Tool {NEST}},
url={http://dx.doi.org/10.1007/978-94-007-3858-4_18},
publisher = {Springer Science+Business Media},
address = {Dordrecht},
author={Gewaltig, Marc-Oliver and Morrison, Abigail and Plesser, Hans Ekkehard},
pages={533-558},
language={English}
}

@manual{plesser2012topo,
  title={{NEST} {T}opology User Manual for {NEST} 2.2},
  author={Hans Ekkehard Plesser and H{\aa}kon Enger},
  year={2012}
}

@article{plesser2009specification,
  title={Specification and generation of structured neuronal network models with the {NEST} {T}opology module},
  author={Hans Ekkehard Plesser and Kittel Austvoll},
  journal={BMC Neuroscience},
  volume={10},
  pages={P56},
  year={2009},
  DOI={10.1186/1471-2202-10-S1-P56}
}

@article{Miller22122006,
author = {Miller, Greg}, 
title = {A Scientist's Nightmare: Software Problem Leads to Five Retractions},
volume = {314}, 
number = {5807}, 
pages = {1856-1857}, 
year = {2006}, 
doi = {10.1126/science.314.5807.1856}, 
URL = {http://www.sciencemag.org/content/314/5807/1856.short}, 
eprint = {http://www.sciencemag.org/content/314/5807/1856.full.pdf}, 
journal = {Science} 
}

@article{Chang07092001,
author = {Chang, Geoffrey and Roth, Christopher B.}, 
title = {Structure of {M}sb{A} from {E}.~coli: A Homolog of the Multidrug Resistance {ATP} Binding Cassette ({ABC}) Transporters},
volume = {293}, 
number = {5536}, 
pages = {1793-1800}, 
year = {2001}, 
doi = {10.1126/science.293.5536.1793}, 
URL = {http://www.sciencemag.org/content/293/5536/1793.abstract}, 
eprint = {http://www.sciencemag.org/content/293/5536/1793.full.pdf}, 
journal = {Science} 
}

@article{lecuyer2007testu01,
  title={Test{U}01: A {C} library for empirical testing of random number generators},

  author={L'Ecuyer, Pierre and Simard, Richard},
  journal={{ACM} Transactions on Mathematical Software},
  volume={33},
  number={4},
  pages={22},
  year={2007},
  publisher={Association for Computing Machinery}
}

@book{greenwood1996guide,
  title={A guide to chi-squared testing},
  author={Greenwood, P.E. and Nikulin, M.S.},
  year={1996},
  publisher={Wiley},
  address={New York}
}

@book{ewens2004statistical,
  title={Statistical methods in bioinformatics: an introduction},
  author={Ewens, W.J. and Grant, G.R.},
  volume={10},
  year={2004},
  publisher={Springer Science+Business Media},
  address={New York}
}

@book{panik2005advanced,
  title={Advanced statistics from an elementary point of view},
  author={Panik, Michael J},
  year={2005},
  pages={576},
  publisher={Elsevier Academic Press},
  address={Burlington, MA}
}

@incollection{plesser2007efficient,
  year={2007},
  isbn={978-3-540-74465-8},
  booktitle={Euro-Par 2007 Parallel Processing},
  volume={4641},
  series={Lecture Notes in Computer Science},
  editor={Kermarrec, Anne-Marie and Boug{\'e}, Luc and Priol, Thierry},
  doi={10.1007/978-3-540-74466-5_71},
  title={Efficient Parallel Simulation of Large-Scale Neuronal Networks on Clusters of Multiprocessor Computers},
  url={http://dx.doi.org/10.1007/978-3-540-74466-5_71},
  publisher={Springer Berlin Heidelberg},
  author={Plesser, Hans E. and Eppler, Jochen M. and Morrison, Abigail and Diesmann, Markus and Gewaltig, Marc-Oliver},
  pages={672-681}
}

@article{brette2005adaptive,
  title={Adaptive exponential integrate-and-fire model as an effective description of neuronal activity},
  author={Brette, Romain and Gerstner, Wulfram},
  journal={Journal of Neurophysiology},
  volume={94},
  number={5},
  pages={3637--3642},
  year={2005},
  publisher={Am Physiological Soc}
}

@article{hill2005modeling,
  title={Modeling sleep and wakefulness in the thalamocortical system},
  author={Hill, Sean and Tononi, Giulio},
  journal={Journal of Neurophysiology},
  volume={93},
  number={3},
  pages={1671--1698},
  year={2005},
  publisher={Am Physiological Soc}
}

@article{izhikevich2003simple,
  title={Simple model of spiking neurons},
  author={Izhikevich, Eugene M},
  journal={{IEEE} Transactions on Neural Networks},
  volume={14},
  number={6},
  pages={1569--1572},
  year={2003},
  publisher={{IEEE}}
}

@misc{kriener2012testconn,
  author={Birgit Kriener},
  title={Testing connectivity in spatial networks},
  year={2012},
  howpublished={Internal report}
}

@article{wang1993number,
  title={On the number of successes in independent trials},
  author={Wang, Y.H.},
  journal={Statistica Sinica},
  volume={3},
  number={2},
  pages={295--312},
  year={1993},
  publisher={Statistica Sinica}
}

@ARTICLE{nordlie2009visualizing,
  AUTHOR={Nordlie, Eilen and Plesser, Hans Ekkehard},
  TITLE={Visualizing neuronal network connectivity with connectivity pattern tables},
  JOURNAL={Frontiers in Neuroinformatics},
  VOLUME={3},
  YEAR={2010},
  NUMBER={39},
  URL={http://www.frontiersin.org/neuroinformatics/10.3389/neuro.11.039.2009/abstract},
  DOI={10.3389/neuro.11.039.2009},
  ISSN={1662-5196}
}

@article{crook2012creating,
  title={Creating, documenting and sharing network models},
  author={Crook, Sharon M and Bednar, James A and Berger, Sandra and Cannon, Robert and Davison, Andrew P and Djurfeldt, Mikael and Eppler, Jochen and Kriener, Birgit and Furber, Steve and Graham, Bruce and others},
  journal={Network: Computation in Neural Systems},
  volume={23},
  number={4},
  pages={131--149},
  year={2012},
  publisher={Informa UK, Ltd. London}
}

@article{djurfeldt2012connection,
  title={The Connection-set Algebra---a novel formalism for the representation of connectivity structure in neuronal network models},
  author={Djurfeldt, Mikael},
  journal={Neuroinformatics},
  volume={10},
  number={3},
  pages={287--304},
  year={2012},
  publisher={Springer}
}

@ARTICLE{Bret:2007(349),
  author = {R. Brette and M. Rudolph and T. Carnevale and M. Hines and D. Beeman
	and J. M. Bower and M. Diesmann and A. Morrison and P. H. Goodman
	and F. C. Harris Jr. and M. Zirpe and T. Natschl{\"a}ger and D. Pecevski
	and B. Ermentrout and M. Djurfeldt and A. Lansner and O. Rochel and
	T. Vieville and E. Muller and A. P. Davison and S. El Boustani and
	A. Destexhe},
  title = {Simulation of networks of spiking neurons: A review of tools and
	strategies},
  journal = {J Comput Neurosci},
  year = {2007},
  volume = {23},
  pages = {349--398},
}

@INCOLLECTION{Ples:2010(399),
  author = {Hans Ekkehard Plesser},
  title = {Generating Random Numbers},
  booktitle = {Analysis of Parallel Spike Trains},
  publisher = {Springer},
  year = {2010},
  editor = {Sonja Gr{\"u}n and Stefan Rotter},
  series = {Springer Series in Computational Neuroscience},
  chapter = {19},
  pages = {399--411},
  address = {New York},
  cat = {B}
}

@INCOLLECTION{Lecu:2004(35),
  author = {P. L'Ecuyer},
  title = {Random Number Generation},
  booktitle = {Handbook of Computational Statistics},
  publisher = {Springer-Verlag},
  year = {2004},
  editor = {J. E. Gentle and W. Haerdle and Y. Mori},
  pages = {35--70},
  subject = {Computer Science},
  topic = {Random number generator, random variate, tests},
  url = {http://www.iro.umontreal.ca/~lecuyer/myftp/papers/handstat.pdf}
}

@book{dijkstra1970notes,
  title={Notes on structured programming},
  author={Dijkstra, Edsger Wybe and Dijkstra, Edsger Wybe and Dijkstra, Edsger Wybe},
  year={1970},
  publisher={Technological University Eindhoven},
  address = {The Netherlands}
}

@book{huizinga2007automated,
  title={Automated defect prevention: best practices in software management},
  author={Huizinga, Dorota and Kolawa, Adam},
  year={2007},
  publisher={Wiley-IEEE Computer Society Press},
  address={Hoboken, NJ}
}

@article{shepherd1998human,
  title={The Human Brain Project: neuroinformatics tools for integrating, searching and modeling multidisciplinary neuroscience data},
  author={Shepherd, Gordon M and Mirsky, Jason S and Healy, Matthew D and Singer, Michael S and Skoufos, Emmanouil and Hines, Michael S and Nadkarni, Prakash M and Miller, Perry L},
  journal={J. Neurophysiol},
  volume={74},
  pages={1810--1815},
  year={1998}
}

@article{abbott2013brain,
    title={Brain-simulation and graphene projects win billion-euro competition},
    author={Alison Abbott},
    journal={Nature},
    year={2013},
    url={http://www.nature.com/news/brain-simulation-and-graphene-projects-win-billion-euro-competition-1.12291},
    doi={doi:10.1038/nature.2013.12291}
}

@BOOKLET{hbp2012,
  title = {The {H}uman {B}rain {P}roject: {A} Report to the {E}uropean {C}ommission},
  author = {{The Human Brain Project Preparatory Study Consortium}},
  address = {Lausanne},
  year = {2012},
  note = {http://www.humanbrainproject.eu/files/HBP\_flagship.pdf}
}

